<record><leader>00000cas a2200000 a 4500</leader><controlfield tag="001">28101928</controlfield><controlfield tag="008">930513d18941988iludn ne      0   a0eng c</controlfield><datafield ind1=" " ind2=" " tag="010"><subfield code="a">sn 93055694 </subfield></datafield><datafield ind1=" " ind2=" " tag="040"><subfield code="a">NVF</subfield><subfield code="b">eng</subfield><subfield code="c">NVF</subfield><subfield code="d">NVF</subfield><subfield code="d">OCLCF</subfield><subfield code="d">NVF</subfield><subfield code="d">OCLCO</subfield></datafield><datafield ind1="1" ind2=" " tag="029"><subfield code="a">AU@</subfield><subfield code="b">000020743559</subfield></datafield><datafield ind1=" " ind2=" " tag="042"><subfield code="a">pcc</subfield></datafield><datafield ind1=" " ind2=" " tag="043"><subfield code="a">n-us-il</subfield></datafield><datafield ind1="0" ind2=" " tag="130"><subfield code="a">Macomb daily journal (Macomb, Ill. : 1895)</subfield></datafield><datafield ind1="1" ind2="0" tag="245"><subfield code="a">Macomb daily journal.</subfield></datafield><datafield ind1="1" ind2=" " tag="246"><subfield code="i">Published Sundays as:</subfield><subfield code="a">Macomb Sunday journal</subfield><subfield code="f">Nov. 9, 1980-July 27, 1988</subfield></datafield><datafield ind1="1" ind2="3" tag="246"><subfield code="a">Macomb journal</subfield></datafield><datafield ind1=" " ind2=" " tag="260"><subfield code="a">Macomb, Ill. :</subfield><subfield code="b">Journal Print. Co.</subfield></datafield><datafield ind1=" " ind2=" " tag="300"><subfield code="a">v.</subfield></datafield><datafield ind1=" " ind2=" " tag="310"><subfield code="a">Daily (except Saturday),</subfield><subfield code="b">Apr. 7, 1985-July 27, 1988</subfield></datafield><datafield ind1=" " ind2=" " tag="321"><subfield code="a">Daily (except Sunday),</subfield><subfield code="b">&lt;Jan. 5, 1895&gt;-Nov. 1, 1980</subfield></datafield><datafield ind1=" " ind2=" " tag="321"><subfield code="a">Daily,</subfield><subfield code="b">Nov. 2, 1980-Apr. 6, 1985</subfield></datafield><datafield ind1="1" ind2=" " tag="362"><subfield code="a">Began in 1894?</subfield></datafield><datafield ind1="0" ind2=" " tag="362"><subfield code="a">-132nd year, no. 116 (July 27, 1988).</subfield></datafield><datafield ind1=" " ind2=" " tag="588"><subfield code="a">Description based on: Vol. 1, no. 232 (Jan. 5, 1895).</subfield></datafield><datafield ind1=" " ind2="0" tag="651"><subfield code="a">Macomb (Ill.)</subfield><subfield code="v">Newspapers.</subfield></datafield><datafield ind1=" " ind2="7" tag="651"><subfield code="a">Illinois</subfield><subfield code="z">Macomb.</subfield><subfield code="2">fast</subfield><subfield code="0">(OCoLC)fst01202916</subfield></datafield><datafield ind1=" " ind2="7" tag="655"><subfield code="a">Newspapers.</subfield><subfield code="2">fast</subfield><subfield code="0">(OCoLC)fst01423814</subfield></datafield><datafield ind1=" " ind2=" " tag="752"><subfield code="a">United States</subfield><subfield code="b">Illinois</subfield><subfield code="c">McDonough</subfield><subfield code="d">Macomb.</subfield></datafield><datafield ind1="0" ind2=" " tag="775"><subfield code="t">Macomb journal (Macomb, Ill. : 1865)</subfield><subfield code="w">(DLC)sn 85033805</subfield><subfield code="w">(OCoLC)12279145</subfield></datafield><datafield ind1="0" ind2="5" tag="780"><subfield code="t">Daily eagle (Macomb, Ill.)</subfield></datafield><datafield ind1="0" ind2="5" tag="780"><subfield code="t">Macomb daily by-stander</subfield><subfield code="w">(DLC)sn 87082804</subfield><subfield code="w">(OCoLC)15900725</subfield></datafield><datafield ind1="0" ind2="0" tag="785"><subfield code="t">Macomb journal (Macomb, Ill. : 1988)</subfield><subfield code="w">(DLC)sn 93055695</subfield><subfield code="w">(OCoLC)28102104</subfield></datafield></record>